<collection xmlns="http://www.loc.gov/MARC21/slim"><record><leader>00895nam  2200289   450</leader><controlfield tag="001">833</controlfield><controlfield tag="003">http://montalegre.opacnet.com/OPAC/default.aspx?ContentAreaControl=ShowRegHoldings.ascx&amp;RegNo=16662</controlfield><controlfield tag="005">20</controlfield><datafield tag="010" ind1=" " ind2=" "><subfield code="a">972-561-176-4</subfield></datafield><datafield tag="021" ind1=" " ind2=" "><subfield code="a">PT</subfield><subfield code="b">30343/89</subfield></datafield><datafield tag="095" ind1=" " ind2=" "><subfield code="a">PTBN00243745</subfield></datafield><datafield tag="100" ind1=" " ind2=" "><subfield code="a">19900423d1989    d  y0pory010305  ba</subfield></datafield><datafield tag="101" ind1="0" ind2=" "><subfield code="a">por</subfield></datafield><datafield tag="102" ind1=" " ind2=" "><subfield code="a">PT</subfield></datafield><datafield tag="105" ind1=" " ind2=" "><subfield code="a">a   z   001ay</subfield></datafield><datafield tag="106" ind1=" " ind2=" "><subfield code="a">r</subfield></datafield><datafield tag="200" ind1="1" ind2=" "><subfield code="a">História de dona Redonda e da sua gente</subfield><subfield code="f">Virgínia de Castro e Almeida</subfield></datafield><datafield tag="205" ind1=" " ind2=" "><subfield code="a">6ª ed</subfield></datafield><datafield tag="210" ind1=" " ind2=" "><subfield code="a">Lisboa</subfield><subfield code="c">Clássica</subfield><subfield code="d">1989</subfield></datafield><datafield tag="215" ind1=" " ind2=" "><subfield code="a">XII, 252 p.</subfield><subfield code="c">il.</subfield><subfield code="d">19 cm</subfield></datafield><datafield tag="225" ind1="2" ind2=" "><subfield code="a">Juvenil</subfield><subfield code="v">18</subfield></datafield><datafield tag="675" ind1=" " ind2=" "><subfield code="a">087.5</subfield><subfield code="v">BN</subfield><subfield code="z">por</subfield></datafield><datafield tag="675" ind1=" " ind2=" "><subfield code="a">821.134.3</subfield><subfield code="v">BN</subfield><subfield code="z">por</subfield></datafield><datafield tag="700" ind1=" " ind2="1"><subfield code="a">Almeida</subfield><subfield code="b">Virgínia de Castro e</subfield><subfield code="f">1874-1945</subfield></datafield><datafield tag="801" ind1=" " ind2="0"><subfield code="a">PT</subfield><subfield code="b">Biblioteca Municipal de Montalegre</subfield><subfield code="g">RPC</subfield></datafield><datafield tag="856" ind1=" " ind2=" "><subfield code="u">locateMedia.asp?cod=20060626152953&amp;ext=jpg</subfield><subfield code="z">CAPA</subfield></datafield><datafield tag="909" ind1="&#9;" ind2=" "><subfield code="a">2</subfield></datafield><datafield tag="966" ind1=" " ind2=" "><subfield code="a">0003093</subfield><subfield code="l">BMM</subfield><subfield code="s">SJ 821.134.3 ALM his 18</subfield></datafield><datafield tag="966" ind1=" " ind2=" "><subfield code="a">0001333</subfield><subfield code="l">BMM</subfield><subfield code="s">SJ 821.134.3 ALM his 18</subfield></datafield></record></collection>